<record><leader>00000cas a22000007a 4500</leader><controlfield tag="001">30601808</controlfield><controlfield tag="008">940614d18811891vauwr ne      0    0eng d</controlfield><datafield ind1=" " ind2=" " tag="010"><subfield code="a">sn 94059317 </subfield></datafield><datafield ind1=" " ind2=" " tag="040"><subfield code="a">NVK</subfield><subfield code="b">eng</subfield><subfield code="c">NVK</subfield><subfield code="d">OCLCQ</subfield><subfield code="d">OCLCF</subfield><subfield code="d">OCLCO</subfield></datafield><datafield ind1=" " ind2=" " tag="042"><subfield code="a">msc</subfield></datafield><datafield ind1=" " ind2=" " tag="043"><subfield code="a">n-us-va</subfield></datafield><datafield ind1="0" ind2=" " tag="130"><subfield code="a">Conservative Democrat (Marion, Va.)</subfield></datafield><datafield ind1="1" ind2="0" tag="245"><subfield code="a">Conservative Democrat.</subfield></datafield><datafield ind1="1" ind2="3" tag="246"><subfield code="a">Weekly Democrat</subfield></datafield><datafield ind1=" " ind2=" " tag="260"><subfield code="a">Marion, Smyth County, Va :</subfield><subfield code="b">C.H. Carper and G.H. Fudge,</subfield><subfield code="c">1881-</subfield></datafield><datafield ind1=" " ind2=" " tag="300"><subfield code="a">v.</subfield></datafield><datafield ind1=" " ind2=" " tag="310"><subfield code="a">Weekly</subfield></datafield><datafield ind1="0" ind2=" " tag="362"><subfield code="a">Vol. 1, no. 1 (Oct. 7, 1881)-</subfield></datafield><datafield ind1="1" ind2=" " tag="362"><subfield code="a">Ceased by 1891?</subfield></datafield><datafield ind1=" " ind2=" " tag="500"><subfield code="a">Publishers/editors: G.H. Fudge, &lt;Feb-Nov. 1882&gt; ; G.W. Richardson and Eugene B. Jones, &lt;Nov. 1882&gt; ; Geo. W. Richardson, &lt;Nov. 1882-Jun. 1883&gt; ; Eug. B. Jones, &lt;Aug.-Dec. 1883&gt; ; T. Marion Anderson, &lt;Dec. 1883-&gt; ; R.H. Brown, &lt;Apr. 1885-Sept. 1887&gt; ; Democrat Pub. Co., &lt;Sept. 1887-&gt;.</subfield></datafield><datafield ind1=" " ind2=" " tag="588"><subfield code="a">Latest issue consulted: Vol. 9, no. 42 (Nov. 27, 1890).</subfield></datafield><datafield ind1=" " ind2="0" tag="651"><subfield code="a">Smyth County (Va.)</subfield><subfield code="v">Newspapers.</subfield></datafield><datafield ind1=" " ind2="0" tag="651"><subfield code="a">Marion (Va.)</subfield><subfield code="v">Newspapers.</subfield></datafield><datafield ind1=" " ind2="7" tag="655"><subfield code="a">Newspapers.</subfield><subfield code="2">fast</subfield><subfield code="0">(OCoLC)fst01423814</subfield></datafield><datafield ind1=" " ind2="7" tag="651"><subfield code="a">Virginia</subfield><subfield code="z">Marion.</subfield><subfield code="2">fast</subfield><subfield code="0">(OCoLC)fst01225029</subfield></datafield><datafield ind1=" " ind2="7" tag="651"><subfield code="a">Virginia</subfield><subfield code="z">Smyth County.</subfield><subfield code="2">fast</subfield><subfield code="0">(OCoLC)fst01228071</subfield></datafield><datafield ind1=" " ind2=" " tag="752"><subfield code="a">United States</subfield><subfield code="b">Virginia</subfield><subfield code="c">Smyth</subfield><subfield code="d">Marion.</subfield></datafield><datafield ind1="0" ind2="0" tag="785"><subfield code="t">Marion Democrat (Marion, Va.)</subfield><subfield code="w">(DLC)sn 94059314</subfield></datafield></record>